@misc{yworks, 
    title={yWorks, The Diagramming Expert}, 
    journal={yWorks},
    howpublished={\url{https://www.yworks.com/}}, 
    year={2019}, 
    note={[Online] Accessed: 2019-10-10}
}

@misc{spx, 
    author={A. Toniolo}, 
    title={CS5011 Logic - The single point strategy}, 
    journal={University of St Andrews - Computer Science Department},
    howpublished={\url{https://studres.cs.st-andrews.ac.uk/CS5011/Lectures/L9_w5.pdf}}, 
    note={[Online] Accessed: 2019-10-31}
}

@misc{system_testing, 
    author={B., Satalkar}, 
    title={Integration Testing Vs. System Testing}, 
    journal={Techspirited},
    howpublished={\url{https://techspirited.com/integration-testing-vs-system-testing}}, 
    note={[Online] Accessed: 2019-10-31}
}

@book{russell2016artificial,
  title={Artificial Intelligence: A Modern Approach},
  author={Russell, Stuart J and Norvig, Peter},
  year={2016},
  publisher={Pearson Education Limited}
}